@book{seibel2009coders,
  title={Coders at work: Reflections on the craft of programming},
  author={Seibel, Peter},
  year={2009},
  publisher={Apress}
}

@misc{linfo,
  title={Ken Thompson: A Brief Introduction},
  year={2006},
  organization={The Linux Information Project.},
  howpublished={\url{http://www.linfo.org/thompson.html}}
}
